
% spell-checker: disable


% LEAN

@misc{avigad2024theorem,
  title = {Theorem Proving in Lean 4},
  author = {Avigad, Jeremy and De Moura, Leonardo and Kong, Soonho and Ullrich, Sebastian and contributors from the Lean Community},
  year = {2024},
  note = {Ver \url{https://leanprover.github.io/theorem_proving_in_lean4}. Última consulta: 23 de abril de 2025}
}

%To-do: show urls in references??


@article{avigad2021theorem,
  title = {Theorem proving in Lean},
  author = {Avigad, Jeremy and De Moura, Leonardo and Kong, Soonho},
  year = {2021},
  publisher = {Carnegie Mellon University},
}

@misc{mathlib,
  author = {Lean Prover Community},
  title = {mathlib4: The Lean4 Mathematical Library},
  year = {},
  note = {Ver \url{https://github.com/leanprover-community/mathlib4}. Última consulta: 23 de abril de 2025}
}

@misc{bailey2024type,
   author = {Bailey, Christopher A. and contributors from the Lean Community},
   title = {Type Checking in Lean 4},
   year = {2024},
   howpublished = {},
   note = {Ver \url{https://ammkrn.github.io/type_checking_in_lean4}. Última consulta: 23 de abril de 2025}
}

% Curry-Howard
@book{sorensen2006lectures,
  title={Lectures on the Curry-Howard isomorphism},
  author={S{\o}rensen, Morten Heine and Urzyczyn, Pawel},
  volume={149},
  year={2006},
  note={Chapter 5. The Untyped Lambda Calculus},
  publisher={Elsevier}
}

% Cálculo Lambda

@book{pierce2002types,
  title={Types and programming languages},
  author={Pierce, Benjamin C},
  year={2002},
  publisher={MIT press}}

% trepplein, verificador de Lean en Scala

@misc{ebner2022trepplein,
  author = {Gabriel Ebner},
  title = {trepplein: a Lean type-checker},
  year = {2022},
  note = {Ver \url{https://github.com/gebner/trepplein}. Último acceso: 23 de abril de 2025}
}


% TOPOLOGÍA

@manual{giraldo2024,
  author    = {Luis Giraldo},
  title     = {Topología elemental},
  organization = {Facultad de Matemáticas, UCM},
  year      = {2024},
  note      = {Apuntes de la asignatura Topología Elemental, curso 2023/24},
}

@book{willard2012general,
  title={General topology},
  author={Willard, Stephen},
  year={2012},
  publisher={Courier Corporation}
}
